@INPROCEEDINGS{Saldana:2018,
  author={Saldaña, David and Gabrich, Bruno and Li, Guanrui and Yim, Mark and Kumar, Vijay},
  booktitle={2018 IEEE International Conference on Robotics and Automation (ICRA)}, 
  title={ModQuad: The Flying Modular Structure that Self-Assembles in Midair}, 
  year={2018},
  volume={},
  number={},
  pages={691-698},
  doi={10.1109/ICRA.2018.8461014}}
  
@ARTICLE{Souza:2021,
author={de Souza, Cristino and Newbury, Rhys and Cosgun, Akansel and Castillo, Pedro and Vidolov, Boris and Kulić, Dana},
journal={IEEE Robotics and Automation Letters}, title={Decentralized Multi-Agent Pursuit Using Deep Reinforcement Learning},
year={2021},
volume={6},
number={3},
pages={4552-4559},
doi={10.1109/LRA.2021.3068952}}

@ARTICLE{Li:2021,
author={Li, Guanrui and Ge, Rundong and Loianno, Giuseppe},
journal={IEEE Robotics and Automation Letters}, title={Cooperative Transportation of Cable Suspended Payloads With MAVs Using Monocular Vision and Inertial Sensing},
year={2021},
volume={6},
number={3},
pages={5316-5323},
doi={10.1109/LRA.2021.3065286}}

@ARTICLE{Litman:2021,
author={Litman, Yehonathan and Gandhi, Neeraj and Phan, Linh Thi Xuan and Saldaña, David},
journal={IEEE Robotics and Automation Letters}, title={Vision-Based Self-Assembly for Modular Multirotor Structures},
year={2021},
volume={6},
number={2},
pages={2202-2208},
doi={10.1109/LRA.2021.3061380}}

@ARTICLE{Zhao:2021,
author={Zhao, Wanbing and Liu, Hao and Lewis, Frank L.},
journal={IEEE Transactions on Neural Networks and Learning Systems}, title={Robust Formation Control for Cooperative Underactuated Quadrotors via Reinforcement Learning},
year={2021},
volume={32},
number={10},
pages={4577-4587},
doi={10.1109/TNNLS.2020.3023711}}

@ARTICLE{Teixeira:2020,
author={Teixeira, Marco Antonio Simoes and Neves-Jr, Flavio and Koubaa, Anis and De Arruda, Lucia Valeria Ramos and De Oliveira, Andre Schneider},
journal={IEEE Access}, title={A Quadral-Fuzzy Control Approach to Flight Formation by a Fleet of Unmanned Aerial Vehicles},
year={2020},
volume={8},
number={},
pages={64366-64381},
doi={10.1109/ACCESS.2020.2985032}}

@ARTICLE{Jackson:2020,
author={Jackson, Brian E. and Howell, Taylor A. and Shah, Kunal and Schwager, Mac and Manchester, Zachary},
journal={IEEE Robotics and Automation Letters}, title={Scalable Cooperative Transport of Cable-Suspended Loads With UAVs Using Distributed Trajectory Optimization},
year={2020},
volume={5},
number={2},
pages={3368-3374},
doi={10.1109/LRA.2020.2975956}}

@ARTICLE{Klausen:2020,
author={Klausen, Kristian and Meissen, Chris and Fossen, Thor I. and Arcak, Murat and Johansen, Tor Arne},
journal={IEEE Transactions on Control Systems Technology}, title={Cooperative Control for Multirotors Transporting an Unknown Suspended Load Under Environmental Disturbances},
year={2020},
volume={28},
number={2},
pages={653-660},
doi={10.1109/TCST.2018.2876518}}

@ARTICLE{Saldana:2019,
author={Saldaña, David and Gupta, Parakh M. and Kumar, Vijay},
journal={IEEE Robotics and Automation Letters}, title={Design and Control of Aerial Modules for Inflight Self-Disassembly},
year={2019},
volume={4},
number={4},
pages={3410-3417},
doi={10.1109/LRA.2019.2926680}}

@ARTICLE{Li:2019,
author={Li, Yue and Yang, Jun and Zhang, Ke},
journal={IEEE Access}, title={Distributed Finite-Time Cooperative Control for Quadrotor Formation},
year={2019},
volume={7},
number={},
pages={66753-66763},
doi={10.1109/ACCESS.2019.2915594}}

@ARTICLE{Dong:2019,
author={Dong, Xiwang and Hua, Yongzhao and Zhou, Yan and Ren, Zhang and Zhong, Yisheng},
journal={IEEE Transactions on Automation Science and Engineering}, title={Theory and Experiment on Formation-Containment Control of Multiple Multirotor Unmanned Aerial Vehicle Systems},
year={2019},
volume={16},
number={1},
pages={229-240},
doi={10.1109/TASE.2018.2792327}}

@ARTICLE{Honig:2018,
author={Hönig, Wolfgang and Preiss, James A. and Kumar, T. K. Satish and Sukhatme, Gaurav S. and Ayanian, Nora},
journal={IEEE Transactions on Robotics}, title={Trajectory Planning for Quadrotor Swarms},
year={2018},
volume={34},
number={4},
pages={856-869},
doi={10.1109/TRO.2018.2853613}}

@ARTICLE{Kim:2018,
author={Kim, Suseong and Seo, Hoseong and Shin, Jongho and Kim, H. Jin},
journal={IEEE/ASME Transactions on Mechatronics}, title={Cooperative Aerial Manipulation Using Multirotors With Multi-DOF Robotic Arms},
year={2018},
volume={23},
number={2},
pages={702-713},
doi={10.1109/TMECH.2018.2792318}}

@ARTICLE{Bingxian:2018,
author={Mu, Bingxian and Shi, Yang},
journal={IEEE/ASME Transactions on Mechatronics}, title={Distributed LQR Consensus Control for Heterogeneous Multiagent Systems: Theory and Experiments},
year={2018},
volume={23},
number={1},
pages={434-443},
doi={10.1109/TMECH.2018.2791544}}

@ARTICLE{Loianno:2018,
author={Loianno, Giuseppe and Kumar, Vijay},
journal={IEEE Robotics and Automation Letters}, title={Cooperative Transportation Using Small Quadrotors Using Monocular Vision and Inertial Sensing},
year={2018},
volume={3},
number={2},
pages={680-687},
doi={10.1109/LRA.2017.2778018}}

@ARTICLE{Zhao:2016,
author={Zhao, Shiyu and Zelazo, Daniel},
journal={IEEE Transactions on Automatic Control}, title={Bearing Rigidity and Almost Global Bearing-Only Formation Stabilization},
year={2016},
volume={61},
number={5},
pages={1255-1268},
doi={10.1109/TAC.2015.2459191}}

@ARTICLE{Mathew:2015,
author={Mathew, Neil and Smith, Stephen L. and Waslander, Steven L.},
journal={IEEE Transactions on Automation Science and Engineering}, title={Planning Paths for Package Delivery in Heterogeneous Multirobot Teams},
year={2015},
volume={12},
number={4},
pages={1298-1308},
doi={10.1109/TASE.2015.2461213}}

@ARTICLE{Hafez:2015,
author={Hafez, Ahmed T. and Marasco, Anthony J. and Givigi, Sidney N. and Iskandarani, Mohamad and Yousefi, Shahram and Rabbath, Camille Alain},
journal={IEEE Transactions on Control Systems Technology}, title={Solving Multi-UAV Dynamic Encirclement via Model Predictive Control},
year={2015},
volume={23},
number={6},
pages={2251-2265},
doi={10.1109/TCST.2015.2411632}}

@ARTICLE{Cichella:2015,
author={Cichella, Venanzio and Kaminer, Isaac and Dobrokhodov, Vladimir and Xargay, Enric and Choe, Ronald and Hovakimyan, Naira and Aguiar, A. Pedro and Pascoal, António M.},
journal={IEEE Transactions on Automation Science and Engineering}, title={Cooperative Path Following of Multiple Multirotors Over Time-Varying Networks},
year={2015},
volume={12},
number={3},
pages={945-957},
doi={10.1109/TASE.2015.2406758}}

@ARTICLE{Bayezit:2013,
author={Bayezit, İsmail and Fidan, Barış},
journal={IEEE Transactions on Industrial Electronics}, title={Distributed Cohesive Motion Control of Flight Vehicle Formations},
year={2013},
volume={60},
number={12},
pages={5763-5772},
doi={10.1109/TIE.2012.2235391}}

@online{passenger_bus,
  author = {Department of Information Technology, Taipei City Government},
  title = {Taipei City Bus Service Overview},
  year = {2021},
  url = {https://data.taipei/#/dataset/detail?id=bd0c2b6b-7b73-4b08-9b5a-1fde6b65f8d3},
  urldate = {2021-12-17}
}

@online{pandemic_source,
  author = {National Center for High-performance Computing},
  title = {COVID-19 pandemic real time global map},
  year = {2021},
  url = {https://covid-19.nchc.org.tw/dt_005-covidTable_taiwan.php?downloadall=yes},
  urldate = {2021-12-28}
}

@online{news_of_pandemic_source,
  author = {Guo Wei Chen},
  title = {A Easing Index Has Been Calculated by College of Public Health, NTU, Which Helps the Prevention of the Pandemic},
  year = {2020},
  url = {https://www.rti.org.tw/news/view/id/2065564},
  urldate = {2020-5-6}
}